/home/primrose/Work/IconGrounds/icon-dace/icon-model/doc/science/references-icon-science.bib